@String{id   = "$Id: Usinglme.bib,v 1.1 1998/03/24 00:14:57 bates Exp $"}

@Article{	  lair:ware:1982,
  author	= {Laird, Nan M. and Ware, James H.},
  title		= {Random-effects Models for Longitudinal Data},
  journal	= {Biometrics},
  year		= 1982,
  volume	= 38,
  pages		= {963--974},
  keywords	= {Variance components; Repeated measurements; Empirical
		  Bayes; EM algorithm}
}

@Book{litt:mill:stro:wolf:1996,
  author =	 {Ramon C. Littell and George A. Milliken and Walter
                  W. Stroup and Russell D. Wolfinger},
  title = 	 {SAS System for Mixed Models},
  publisher = 	 {SAS Institute, Inc.},
  year = 	 1996
}

